<?xml version="1.0" encoding="UTF-8"?><record xmlns="http://www.loc.gov/MARC21/slim" xmlns:cinclude="http://apache.org/cocoon/include/1.0" xmlns:zs="http://www.loc.gov/zing/srw/">
  <leader>00512nz  a2200157n  4500</leader>
  <controlfield tag="001">nr 00018234 </controlfield>
  <controlfield tag="003">DLC</controlfield>
  <controlfield tag="005">20000601033738.0</controlfield>
  <controlfield tag="008">000531n| acannaabn          |a aaa     c</controlfield>
  <datafield tag="010" ind1=" " ind2=" ">
    <subfield code="a">nr 00018234 </subfield>
  </datafield>
  <datafield tag="040" ind1=" " ind2=" ">
    <subfield code="a">CtY-Mus</subfield>
    <subfield code="b">eng</subfield>
    <subfield code="c">CtY-Mus</subfield>
  </datafield>
  <datafield tag="100" ind1="1" ind2=" ">
    <subfield code="a">Singleton, Alvin,</subfield>
    <subfield code="d">1940-</subfield>
    <subfield code="t">Argoru,</subfield>
    <subfield code="n">no. 2</subfield>
  </datafield>
  <datafield tag="400" ind1="1" ind2=" ">
    <subfield code="a">Singleton, Alvin,</subfield>
    <subfield code="d">1940-</subfield>
    <subfield code="t">Argoru II</subfield>
  </datafield>
  <datafield tag="400" ind1="1" ind2=" ">
    <subfield code="a">Singleton, Alvin,</subfield>
    <subfield code="d">1940-</subfield>
    <subfield code="t">Argoru 2</subfield>
  </datafield>
  <datafield tag="400" ind1="1" ind2=" ">
    <subfield code="a">Singleton, Alvin,</subfield>
    <subfield code="d">1940-</subfield>
    <subfield code="t">Argoru two</subfield>
  </datafield>
  <datafield tag="670" ind1=" " ind2=" ">
    <subfield code="a">Singleton, A. Argoru II, c1971:</subfield>
    <subfield code="b">t.p. (Argoru II : for solo cello)</subfield>
  </datafield>
</record>